@Article{lattice,
  author    = {Yue Zhang and
               Jie Yang},
  title     = {Chinese {NER} Using Lattice {LSTM}},
  journal   = {CoRR},
  volume    = {abs/1805.02023},
  year      = {2018},
  url       = {http://arxiv.org/abs/1805.02023},
  archivePrefix = {arXiv},
  eprint    = {1805.02023},
  timestamp = {Mon, 13 Aug 2018 16:46:56 +0200},
  biburl    = {https://dblp.org/rec/bib/journals/corr/abs-1805-02023},
  bibsource = {dblp computer science bibliography, https://dblp.org}
}

@InProceedings{lample,
  author = 	"Lample, Guillaume
		and Ballesteros, Miguel
		and Subramanian, Sandeep
		and Kawakami, Kazuya
		and Dyer, Chris",
  title = 	"Neural Architectures for Named Entity Recognition",
  booktitle = 	"Proceedings of the 2016 Conference of the North American Chapter of the      Association for Computational Linguistics: Human Language Technologies    ",
  year = 	"2016",
  publisher = 	"Association for Computational Linguistics",
  pages = 	"260--270",
  location = 	"San Diego, California",
  doi = 	"10.18653/v1/N16-1030",
  url = 	"http://aclweb.org/anthology/N16-1030"
}

@article{ma,
  author    = {Xuezhe Ma and
               Eduard H. Hovy},
  title     = {End-to-end Sequence Labeling via Bi-directional LSTM-CNNs-CRF},
  journal   = {CoRR},
  volume    = {abs/1603.01354},
  year      = {2016},
  url       = {http://arxiv.org/abs/1603.01354},
  archivePrefix = {arXiv},
  eprint    = {1603.01354},
  timestamp = {Mon, 13 Aug 2018 16:46:12 +0200},
  biburl    = {https://dblp.org/rec/bib/journals/corr/MaH16},
  bibsource = {dblp computer science bibliography, https://dblp.org}
}

@article{chiu,
  author    = {Jason P. C. Chiu and
               Eric Nichols},
  title     = {Named Entity Recognition with Bidirectional LSTM-CNNs},
  journal   = {CoRR},
  volume    = {abs/1511.08308},
  year      = {2015},
  url       = {http://arxiv.org/abs/1511.08308},
  archivePrefix = {arXiv},
  eprint    = {1511.08308},
  timestamp = {Mon, 13 Aug 2018 16:46:15 +0200},
  biburl    = {https://dblp.org/rec/bib/journals/corr/ChiuN15},
  bibsource = {dblp computer science bibliography, https://dblp.org}
}
@paper{liu,
	author = {Liyuan Liu and Jingbo Shang and Xiang Ren and Frank Xu and Huan Gui and Jian Peng and Jiawei Han},
	title = {Empower Sequence Labeling with Task-Aware Neural Language Model},
	conference = {AAAI Conference on Artificial Intelligence},
	year = {2018},
	keywords = {Sequence Labeling; Lanuguage Model; Highway-networks},

	url = {https://www.aaai.org/ocs/index.php/AAAI/AAAI18/paper/view/17123}
}

@inproceedings{liu2010,
  title={Chinese Named Entity Recognition with a Sequence Labeling Approach: Based on Characters, or Based on Words?},
  author={Zhangxun Liu and Conghui Zhu and Tiejun Zhao},
  booktitle={ICIC},
  year={2010}
}

@inproceedings{li2014,
  title={Comparison of the Impact of Word Segmentation on Name Tagging for Chinese and Japanese},
  author={Haibo Li and Masato Hagiwara and Qi Li and Heng Ji},
  booktitle={LREC},
  year={2014}
}
@inproceedings{dong,
  title={Character-Based LSTM-CRF with Radical-Level Features for Chinese Named Entity Recognition},
  author={Chuanhai Dong and Jiajun Zhang and Chengqing Zong and Masanori Hattori and Hui Di},
  booktitle={NLPCC/ICCPOL},
  year={2016}
}

@article{huang2015,
  title={Bidirectional LSTM-CRF Models for Sequence Tagging},
  author={Zhiheng Huang and Wei Xu and Kai Yu},
  journal={CoRR},
  year={2015},
  volume={abs/1508.01991}
}

@article{chiu,
  title={Named Entity Recognition with Bidirectional LSTM-CNNs},
  author={Jason P. C. Chiu and Eric Nichols},
  journal={TACL},
  year={2016},
  volume={4},
  pages={357-370}
}

@InProceedings{huang,
  author = 	"Huang, Shen
		and Sun, Xu
		and Wang, Houfeng",
  title = 	"Addressing Domain Adaptation for Chinese Word Segmentation with Global Recurrent Structure",
  booktitle = 	"Proceedings of the Eighth International Joint Conference on Natural Language Processing (Volume 1: Long Papers)",
  year = 	"2017",
  publisher = 	"Asian Federation of Natural Language Processing",
  pages = 	"184--193",
  location = 	"Taipei, Taiwan",
  url = 	"http://aclweb.org/anthology/I17-1019"
}

@InProceedings{jiang,
  author = 	"Jiang, Wenbin
		and Sun, Meng
		and L{\"u}, Yajuan
		and Yang, Yating
		and Liu, Qun",
  title = 	"Discriminative Learning with Natural Annotations: Word Segmentation as a Case Study",
  booktitle = 	"Proceedings of the 51st Annual Meeting of the Association for Computational Linguistics (Volume 1: Long Papers)",
  year = 	"2013",
  publisher = 	"Association for Computational Linguistics",
  pages = 	"761--769",
  location = 	"Sofia, Bulgaria",
  url = 	"http://aclweb.org/anthology/P13-1075"
}

@InProceedings{hammerton,
  author = 	"Hammerton, James",
  title = 	"Named Entity Recognition with Long Short-Term Memory",
  booktitle = 	"Proceedings of the Seventh Conference on Natural Language Learning at HLT-NAACL 2003",
  year = 	"2003",
  url = 	"http://aclweb.org/anthology/W03-0426"
}

@inproceedings{peng2015,
  title={Named Entity Recognition for Chinese Social Media with Jointly Trained Embeddings},
  author={Nanyun Peng and Mark Dredze},
  booktitle={EMNLP},
  year={2015}
}

@inproceedings{he2017,
  title={A Unified Model for Cross-Domain and Semi-Supervised Named Entity Recognition in Chinese Social Media},
  author={Hangfeng He and Xu Sun},
  booktitle={AAAI},
  year={2017}
}

@article{Xu2014JointSA,
  title={Joint segmentation and named entity recognition using dual decomposition in Chinese discharge summaries.},
  author={Yan Xu and Yining N Wang and Tianren Liu and Jiahua Liu and Yubo Fan and Yi Qian and Junichi Tsujii and Eric I-Chao Chang},
  journal={Journal of the American Medical Informatics Association : JAMIA},
  year={2014},
  volume={21 e1},
  pages={e84-92}
}

@inproceedings{Peng2016ImprovingNE,
  title={Improving Named Entity Recognition for Chinese Social Media with Word Segmentation Representation Learning},
  author={Nanyun Peng and Mark Dredze},
  booktitle={ACL},
  year={2016}
}

@article{Collobert2011NaturalLP,
  title={Natural Language Processing (almost) from Scratch},
  author={Ronan Collobert and Jason Weston and L{\'e}on Bottou and Michael Karlen and Koray Kavukcuoglu and Pavel P. Kuksa},
  journal={Journal of Machine Learning Research},
  year={2011},
  volume={12},
  pages={2493-2537}
}

@inproceedings{Luo2015JointER,
  title={Joint Entity Recognition and Disambiguation},
  author={Gang Luo and Xiaojiang Huang and Chin-Yew Lin and Zaiqing Nie},
  booktitle={EMNLP},
  year={2015}
}

@inproceedings{Rei2017SemisupervisedML,
  title={Semi-supervised Multitask Learning for Sequence Labeling},
  author={Marek Rei},
  booktitle={ACL},
  year={2017}
}

@inproceedings{Sperber2017NeuralLM,
  title={Neural Lattice-to-Sequence Models for Uncertain Inputs},
  author={Matthias Sperber and Graham Neubig and Jan Niehues and Alexander H. Waibel},
  booktitle={EMNLP},
  year={2017}
}

@inproceedings{Peters2017SemisupervisedST,
  title={Semi-supervised sequence tagging with bidirectional language models},
  author={Matthew E. Peters and Waleed Ammar and Chandra Bhagavatula and Russell Power},
  booktitle={ACL},
  year={2017}
}

@article{Yang2016TransferLF,
  title={Transfer Learning for Sequence Tagging with Hierarchical Recurrent Networks},
  author={Zhilin Yang and Ruslan Salakhutdinov and William W. Cohen},
  journal={CoRR},
  year={2016},
  volume={abs/1703.06345}
}

@inproceedings{Yang2017NeuralWS,
  title={Neural Word Segmentation with Rich Pretraining},
  author={Jie Yang and Yue Zhang and Fei Dong},
  booktitle={ACL},
  year={2017}
}

@inproceedings{Vaswani2017AttentionIA,
  title={Attention Is All You Need},
  author={Ashish Vaswani and Noam Shazeer and Niki Parmar and Jakob Uszkoreit and Llion Jones and Aidan N. Gomez and Lukasz Kaiser and Illia Polosukhin},
  booktitle={NIPS},
  year={2017}
}